%% This BibTeX bibliography file was created using BibDesk.
%% https://bibdesk.sourceforge.io/

%% Created for Alexander Mervar at 2022-12-02 22:06:44 -0500 


%% Saved with string encoding Unicode (UTF-8) 



@article{Geron2022,
	author = {G{\'e}ron, Aur{\'e}lien},
	date-added = {2022-12-02 22:01:51 -0500},
	date-modified = {2022-12-02 22:06:44 -0500},
	journal = {Tools, and Techniques to build intelligent systems},
	publisher = {O'Reilly Media},
	title = {Hands-on machine learning with scikit-learn and tensorflow},
	year = {2017}}

@article{Pow2014,
	author = {Pow, Nissan and Janulewicz, Emil and Liu, L.},
	booktitle = {Proceedings of the 12th Language Resources and Evaluation Conference},
	title = {Applied Machine Learning Project 4 Prediction of real estate property prices in Montr{\'e}al},
	year = {2014}}

@article{Cetkovic2018,
	author = {Cetkovic, Jasmina and Laki{\'c}, Slobodan and Lazarevska, Marijana and {\v Z}arkovi{\'c}, Milo{\v s} and Vujo{\v s}evi{\'c}, Sa{\v s}a and Cvijovi{\'c}, Jelena and Gogi{\'c}, Mladen},
	doi = {10.1155/2018/1472957},
	journal = {Complexity},
	month = {01},
	pages = {1-10},
	title = {Assessment of the Real Estate Market Value in the European Market by Artificial Neural Networks Application},
	volume = {2018},
	year = {2018},
	bdsk-url-1 = {https://doi.org/10.1155/2018/1472957}}
