@article{Pow2014,
    title = "Applied Machine Learning Project 4 Prediction of real estate property prices in Montréal",
    author = {Pow, Nissan and Janulewicz, Emil and Liu, L.},
    booktitle = "Proceedings of the 12th Language Resources and Evaluation Conference",
    year = "2014",
}


@article{Cetkovic2018,
author = {Cetkovic, Jasmina and Lakić, Slobodan and Lazarevska, Marijana and Žarković, Miloš and Vujošević, Saša and Cvijović, Jelena and Gogić, Mladen},
year = {2018},
month = {01},
pages = {1-10},
title = {Assessment of the Real Estate Market Value in the European Market by Artificial Neural Networks Application},
volume = {2018},
journal = {Complexity},
doi = {10.1155/2018/1472957}
}
